@book{soybean,
author = {T. Hymowitz and C.A. Newell and S.G. Carmer},
title = {Pedigrees of Soybean Cultivars Released in the United States and Canada},
publisher = {International Soybean Series, College of Agriculture, University of Illinois at Urbana-Champaign, Urbana, IL},
year = {1977},
}

@Manual{mgp,
key = {North Dakota State University and American Mathematical Society},
title = {The Mathematics Genealogy Project},
year = {2010},
note = {Archived Web Site. Retrieved from the Library of Congress, Accessed on March 6, 2015},
url = {http://www.genealogy.math.ndsu.nodak.edu},
}

@article{igraph,
author = {G. Csardi and T. Nepusz},
title = {The \pkg{igraph} Software Package for Complex Network Research},
journal = {InterJournal, Complex Systems},
year = {2006},
url = {http://igraph.sf.net},
volume = 1695,
}

@article{ape,
author = {J. Claude and E. Paradis and K. Strimmer},
title = {\pkg{Ape}: Analyses of phylogenetics and evolution in \proglang{R} language.},
journal = {Bioinformatics},
year = {2003},
volume = 20,
number = 3,
pages = {86--91},
}

@book{ggplot2,
author = {H. Wickham},
title = {\pkg{ggplot2}: Elegant Graphics for Data Analysis},
publisher = {Springer-Verlag, New York, NY},
year = {2009},
url = {http://had.co.nz/ggplot2/book},
}

@book{shiny,
author = {{RStudio, Inc}},
title = {\pkg{shiny: Web Application Framework for R}},
note = {\pkg{R} package version 0.10.2.1},
year = {2014},
url = {http://CRAN.R-project.org/package=shiny},
}

@Manual{ggen,
title = {ggenealogy: Visualization Tools for Genealogical Data},
author = {L. Rutter and S. Vanderplas and D. Cook},
year = {2015},
note = {R package version 0.1.0},
url = {https://CRAN.R-project.org/package=ggenealogy},
}

@Manual{ped,
title = {pedigree: Pedigree functions},
author = {A. Coster},
year = {2013},
note = {R package version 0.4},
url = {https://CRAN.R-project.org/package=pedigree},
}

@Manual{kin,
title = {kinship2: Pedigree Functions},
author = {T. Therneau and S. Daniel and J. Sinnwell and E. Atkinson},
year = {2015},
note = {R package version 1.6.4},
url = {https://CRAN.R-project.org/package=kinship2},
}

@article{graphvizCit,
    author = {E.R. Gansner and S.C. North},
    title = {An open graph visualization system and its applications to software engineering},
    journal = {Software - Practice and Experience},
    year = {2000},
    volume = {30},
    number = {11},
    pages = {1203--1233}
}

@article{cytoscapeCit,
    author = {P. Shannon and A. Markiel and O. Ozier and N.S. Baliga and J.T. Wang and D. Ramage and N. Amin and B. Schwikowski and T. Ideker},
    title = {Cytoscape: a software environment for integrated models of biomolecular interaction networks},
    journal = {Genome Research},
    year = {2003},
    volume = {13},
    number = {11},
    pages = {2498--2504}
}

@misc{psql,
key = {PostgreSQL},
publisher = {PostgreSQL Global Development Group},
url = {http://www.postgresql.org/},
year = {2016},
}

@Manual{dplyr,
title = {dplyr: A Grammar of Data Manipulation},
author = {H. Wickham and R. Francois},
year = {2015},
note = {R package version 0.4.3},
url = {https://CRAN.R-project.org/package=dplyr},
}

@Manual{plotly,
title = {plotly: Create Interactive Web Graphics via 'plotly.js'},
author = {C. Sievert and C. Parmer and T. Hocking and S. Chamberlain and K. Ram and M. Corvellec and P. Despouy},
year = {2016},
note = {R package version 3.4.13},
url = {https://CRAN.R-project.org/package=plotly},
}

@article{jds,
author = {D. Cook and H. Hofmann and E. Lee and H. Yang and B. Nikolau and E. Wurtele},
title = {Exploring Gene Expression Data, Using Plots.},
journal = {Journal of Data Science},
year = {2007},
volume = 5,
pages = {151–182},
}

@article{bioconductor,
author = {R.C. Gentleman and V.J. Carey and D.M. Bates and B. Bolstad and M. Dettling and S. Dudoit and B. Ellis and L. Gautier and Y. Ge and J. Gentry and K. Hornik and T. Hothorn and W. Huber and S. Iacus and R. Irizarry and F. Leisch and C. Li and M. Maechler and A.J. Rossini and G. Sawitzki and C. Smith and G. Smyth and L. Tierney and J.Y.H. Yang and J. Zhang},
title = {Bioconductor: open software development for computational biology and bioinformatics.},
journal = {Genome Biology},
year = {2004},
volume = 5,
number = {10},
pages = {R80},
}

@article{origPCP,
author = {A. Inselberg},
title = {The Plane with Parallel Coordinates.},
journal = {The Visual Computer},
year = {1985},
volume = 1,
pages = {69-91},
}

@article{origPCP2,
author = {E.J. Wegman},
title = {Hyperdimensional Data Analysis Using Parallel Coordinates.},
journal = {Journal of American Statistics Association},
year = {1990},
volume = 85,
pages = {664–675},
}

@article{interact,
author = {R.A. Becker and W.S. Cleveland},
title = {Brushing Scatterplots},
journal = {Technometrics},
year = {1987},
volume = 29,
number = 2,
pages = {127-142},
}

@incollection{interact2,
author = {C. Newton},
title = {Graphica: From Alpha to Omega in Data Analysis},
editor = {P.C.C. Wang},
booktitle = {Graphical Representation of Multivariate Data},
publisher = {Academic Press, New York, NY},
year = {1978},
pages = {59-92},
}

@Manual{interact3,
author = {J.A. McDonald},
title = {Interactive Graphics for Data Analysis},
year = {1982},
note = {Technical Report Orion II, Statistics Department, Stanford University},
}

@article{ggobi,
author = {D.F. Swayne and D.T. Lang and A. Buja and D. Cook},
title = {Ggobi: Evolving from XGobi into an Extensible Framework for Interactive Data Visualization},
journal = {Journal of Computational Statistics and Data Analysis},
year = {2003},
volume = 43,
pages = {423-444},
}

@Manual{ggobi2,
title = {rggobi: Interface between R and GGobi},
author = {D.T. Lang and D. Swayne and H. Wickham and M. Lawrence},
year = {2014},
note = {R package version 2.1.20},
url = {https://CRAN.R-project.org/package=rggobi},
}

@book{ggobi3,
author = {D. Cook and D.F. Swayne},
title = {Interactive and Dynamic Graphics for Data Analysis.},
publisher = {Springer},
year = {2007},
}

@article{r,
author = {R. Ihaka and R. Gentleman},
title = {R: A Language for Data Analysis and Graphics},
journal = {Journal of Computational and Graphical Statistics},
year = {1996},
volume = 5,
number = 3,
pages = {299–314},
}

@Manual{ggally,
title = {GGally: Extension to ggplot2},
author = {B. Schloerke and J. Crowley and D. Cook and F. Briatte and M. Marbach and E. Thoen and A. Elberg},
year = {2016},
note = {R package version 1.0.1},
url = {https://CRAN.R-project.org/package=GGally},
}

@Manual{nullabor,
title = {nullabor: Tools for Graphical Inference},
author = {H. Wickham and N.R. Chowdhury and D. Cook},
year = {2014},
note = {R package version 0.3.1},
url = {https://CRAN.R-project.org/package=nullabor},
}

@article{adSoy,
author = {A.N.M. Lauter and G.A. Peiffer and T. Yin and S.A. Whitham and D. Cook and R.C. Shoemaker and M.A. Graham},
title = {Identification of candidate genes involved in early iron deficiency chlorosis signaling in soybean (Glycine max) roots and leaves},
journal = {BMC Genomics},
year = {2014},
volume = 15,
number = 702,
pages = {1–25},
}

@article{soy1,
author = {N.C. Hansen and V.D. Jolley and S.L. Naeve and R.J. Goos},
title = {Iron deficiency of soybean in the north central US and associated soil properties},
journal = {Soil Sci Plant Nutr},
year = {2004},
volume = 50,
number = 7,
pages = {983-987},
}

@book{soy3,
author = {H. Marschner},
title = {Mineral Nutrition of Higher Plants},
publisher = {Academic Press, New York, NY},
year = {1995},
}

@article{soy10,
author = {R.L. Bernard},
title = {Genetic stocks available},
journal = {Soybean Genetic Newsletter},
year = {1975},
volume = 2,
pages = {57-74},
}

@article{soy11,
author = {S.E. Atwood and J.A. O’Rourke and G.A. Peiffer and T. Yin and M. Majumder and C. Zhang and S.R. Cianzio and J.H. Hill and D. Cook and S.A. Whitham and R.C. Shoemaker and M.A. Graham},
title = {Replication protein A subunit 3 and the iron efficiency response in soybean},
journal = {Plant Cell Environ},
year = {2014},
volume = 37,
number = 1,
pages = {213–234},
}

@article{soy12,
author = {J.A. O’Rourke and D.V. Charlson and D.0. Gonzalez and L.O. Vodkin and M.A. Graham and S.R. Cianzio and M.A. Grusak and R.C. Shoemaker},
title = {Microarray analysis of iron deficiency chlorosis in near-isogenic soybean lines},
journal = {BMC Genomics},
year = {2007},
volume = 8,
pages = {476},
}


@article{soy13,
author = {J.A. O’Rourke and R.T. Nelson and D. Grant and J. Schmutz and J. Grimwood and S. Cannon and C.P. Vance and M.A. Graham and R.C. Shoemaker},
title = {Integrating microarray analysis and the soybean genome to understand the soybeans iron deficiency response},
journal = {BMC Genomics},
year = {2009},
volume = 10,
pages = {376},
}

@article{soy14,
author = {G.A. Peiffer and K.E. King and A.J. Severin and G.D. May and S.R. Cianzio and S.F. Lin and N.C. Lauter and R.C. Shoemaker},
title = {Identification of candidate genes underlying an iron efficiency quantitative trait locus in soybean},
journal = {Plant Physiol},
year = {2012},
volume = 158,
number = 4,
pages = {1745–1754},
}

@article{soy15,
author = {J. Wang and P.E. McClean and R. Lee and R.J. Goos and T. Helms},
title = {Association mapping of iron deficiency chlorosis loci in soybean (Glycine max L. Merr.) advanced breeding lines},
journal = {Theor Appl Genet},
year = {2008},
volume = 116,
number = 6,
pages = {777–787},
}

@article{limma,
author = {M.E. Ritchie and B. Phipson and D. Wu and Y. Hu and C.W. Law and W. Shi and G.K. Smyth},
title = {limma powers differential expression analyses for RNA-sequencing and microarray studies},
journal = {Nucleic Acids Research},
year = {2015},
volume = {43},
number = {7},
pages = {e47},
}

@article{edger,
author = {M.D. Robinson and D.J. McCarthy and G.K. Smyth},
title = {edgeR: a Bioconductor package for differential expression analysis of digital gene expression data},
journal = {Bioinformatics},
year = {2010},
volume = {26},
pages = {139-140},
}

@article{pw1,
author = {A.J. Berens and J.H. Hunt and A.L. Toth},
title = {Nourishment level affects caste-related gene expression in Polistes wasps},
journal = {BMC Bioinformatics},
year = {2015},
volume = {16},
pages = {235},
}

@article{pw2,
author = {S. Suryanarayanan and J.C. Hermanson and R.L. Jeanne},
title = {A Mechanical Signal Biases Caste Development in a Social Wasp},
journal = {Current Biology},
year = {2011},
volume = {21},
pages = {231-235},
}

@Manual{pw3,
author = {J.M. Jandt and S. Surayanarayanan and J. Hermanson and R.L. Jeanne and A.L. Toth},
title = {Maternal interactions influence developmental pathways in wasps},
year = {In prep for submission},
}

@incollection{pw4,
author = {D.W. Whitman and A.A. Agrawal},
title = {What is phenotypic plasticity and why is it important?},
editor = {D.W. Whitman DW and T.N. Anathakrishnan},
booktitle = {Phenotypic plasticity of insects},
publisher = {Enfield, NH: Science Publishers},
year = {2009},
pages = {1-63},
}

@book{pw5,
author = {E.O. Wilson},
title = {The insect societies},
publisher = {Cambridge, Mass: Belknap Press of Harvard University Press},
year = {1971},
}

@incollection{pw6,
author = {H.K. Reeve},
title = {Polistes},
editor = {K.G. Ross and R.W. Matthews},
booktitle = {The Social biology of wasps},
publisher = {Ithaca: Comstock Pub. Associates},
year = {1991},
pages = {99-148},
}

@book{pw7,
author = {M.J. West-Eberhard},
title = {The social biology of polistine wasps},
publisher = {Ann Arbor: Museum of Zoology, University of Michigan},
year = {1969},
}

@article{pw8,
author = {K. Eickwort},
title = {Separation of castes of polistes exclamans and notes on its biology (Hym - Vespidae)},
journal = {Insect Soc},
year = {1969},
volume = {16},
pages = {67–72},
}

@article{pw9,
author = {J.E. Strassmann and R.E. Lee and R.R. Rojas and J.G. Baust},
title = {Caste and sex-differences in cold-hardiness in the social wasps, polistes-annularis and polistes-exclamans (Hymenoptera, Vespidae)},
journal = {Insect Soc},
year = {1984},
volume = {31},
pages = {291–301},
}

@article{pw10,
author = {T.M. Judd and P.E.A. Teal and E.J. Hernandez and T. Choudhury and J.H. Hunt},
title = {Quantitative differences in nourishment affect caste-related physiology and development in the paper wasp Polistes metricus},
journal = {Plos One},
year = {2015},
volume = {10},
number = {2},
pages = {e0116199},
}

@article{pw11,
author = {I. Karsai and J.H. Hunt},
title = {Food quantity affects traits of offspring in the paper wasp Polistes metricus (Hymenoptera : Vespidae)},
journal = {Environ Entomol},
year = {2002},
volume = {31},
pages = {99–106},
}

@incollection{pw12,
author = {R.L. Jeanne},
title = {Vibrational signals in social wasps: A role in caste determination?},
editor = {J. Gadau and J.H. Fewell},
booktitle = {The Social biology of wasps},
publisher = {Organization of Insect Societies: From Genomes to Socio-complexity},
year = {2009},
pages = {241-263},
}

@article{pw13,
author = {M. Pratte and R.L. Jeanne},
title = {Antennal drumming behavior in Polistes wasps (Hymenoptera, Vespidae)},
journal = {Journal of Comparative Ethology},
year = {1984},
volume = {66},
pages = {177-188},
}

@article{pw14,
author = {S. Suryanarayanan and R.L. Jeanne},
title = {Antennal drumming, trophallaxis, and colony development in the social wasp Polistes fuscatus (Hymenoptera: Vespidae)},
journal = {Ethology},
year = {2008},
volume = {114},
pages = {1201-1209},
}

@article{pw15,
author = {C. Brillet and S.S. Tian-Chansky and Y.L. Conte},
title = {Abdominal waggings and variation of their rate of occurrence in the social wasp, Polistes dominulus},
journal = {Journal of Insect Behavior},
year = {1999},
volume = {12},
pages = {665-686},
}

@article{pw16,
author = {S. Suryanarayanan and A.E. Hantschel and C.G. Torres and R.L. Jeanne},
title = {Changes in the temporal pattern of antennal drumming behavior across the Polistes fuscatus colony cycle (Hymenoptera, Vespidae)},
journal = {Insectes Sociaux},
year = {2011},
volume = {58},
pages = {97-106},
}

@article{pw17,
author = {A.J. Berens and J.H. Hunt and A.L. Toth},
title = {Comparative transcriptomics of convergent evolution: Different genes but conserved pathways underlie caste phenotypes across lineages of eusocial insects},
journal = {Molecular Biology and Evolution},
year = {2015},
volume = {32},
pages = {690-703},
}

@article{pw18,
author = {J.H. Hunt and F. Wolschin and M.T. Henshaw and T.C. Newman and A.L. Toth and G.V. Amdam},
title = {Differential gene expression and protein abundance evince ontogenetic bias toward castes in a primitively eusocial wasp},
journal = {Plos One},
year = {2010},
volume = {5},
number = 5,
pages = {e10674},
}

@Manual{pw19,
author = {A.J. Berens and E.A. Tibbetts and A.L. Toth},
title = {Brain gene expression associated with facial recognition in Polistes paper wasps},
year = {In prep for submission},
}

@Article{edaseq,
title = {{GC-Content Normalization for RNA-Seq Data}},
author = {D. Risso and K. Schwartz and G. Sherlock and S. Dudoit},
year = {2011},
journal = {BMC Bioinformatics},
volume = {12},
number = {1},
pages = {480},
}

@Article{ruvseq,
title = {{Normalization of RNA-seq data using factor analysis of control genes or samples}},
author = {Davide Risso and John Ngai and Terence Speed and Sandrine Dudoit},
year = {2014},
journal = {Nature Biotechnology},
volume = {32},
pages = {896–902},
}

@Article{extra1,
title = {{Visual Mining Methods for RNA-Seq Data: Data Structure, Dispersion Estimation and Significance Testing}},
author = {T. Yin and M. Majumder and N.R. Chowdhury and D. Cook and R. Shoemaker and M. Graham},
year = {2013},
journal = {J Data Mining Genomics Proteomics},
volume = {4},
number = {139},
pages = {1-9},
}

@Article{extra2,
title = {{explorase: Multivariate Exploratory Analysis and Visualization for Systems Biology}},
author = {M. Lawrence and D. Cook and E.K. Lee and H. Babka and E. Wurtele},
year = {2008},
journal = {Journal of Statistical Software},
volume = {25},
number = {9},
pages = {1-23},
}

@Article{extra3,
title = {{tourr: An R Package for Exploring Multivariate Data with Projections}},
author = {H. Wickham and D. Cook and H. Hofmann and A. Buja},
year = {2011},
journal = {Journal of Statistical Software},
volume = {40},
number = {2},
pages = {1-18},
}

@Article{extra4,
title = {{ggbio: An R package for Extending the Grammar of Graphics for Genomic Data}},
author = {T. Yin and D. Cook and M. Lawrence},
year = {2012},
journal = {Genome Biology},
volume = {13},
pages = {R77},
}

@article{extra5,
title = {{An algorithm for deciding the number of clusters and validation using simulated data with application to exploring crop population structure}},
author = {M.A. Newell and D. Cook and H. Hofmann and J.L. Jannink},
year = {2013},
journal = {The Annals of Applied Statistics},
volume = {7},
number = {4},
pages = {1898-1916},
}

@article{extra6,
title = {{Using visual statistical inference to better understand random class separations in high dimension, low sample size data}},
author = {N.R. Chowdhury and D. Cook and H. Hofmann and M. Majumder and E.K. Lee and A.L. Toth},
year = {2015},
journal = {Computational Statistics},
volume = {30},
number = {2},
pages = {293-316},
}

@article{extra7,
title = {{Replication protein A subunit 3 and the iron efficiency response in soybean}},
author = {S.E. Atwood and J.A. O’Rourke and G.A. Peier and T. Yin and M. Majumder and C. Zhang and S. Cianzio},
year = {2014},
journal = {Plant Cell and Environment},
volume = {37},
pages = {213-234},
}



@article{Anders2012,
title = {{Detecting differential usage of exons from RNA-seq data}},
author = {S. Anders and A. Reyes and W. Huber},
year = {2012},
journal = {Genome Research},
volume = {22},
pages = {2008-2017},
}


@article{Anders2010,
title = {{Differential expression analysis for sequence count data}},
author = {S. Anders and W. Huber},
year = {2010},
journal = {Genome Biology},
volume = {11},
pages = {R106},
}

@article{Baggerly,
title = {{Deriving chemosensitivity from cell lines: Forensic bioinformatics and reproducible research in high-throughput biology}},
author = {K.A. Baggerly and K.R. Coombes},
year = {2009},
journal = {The Annals of Applied Statistics},
volume = {3},
pages = {1309-1334},
}


@article{Brown,
title = {{Developmental profiling of gene expression in soybean trifoliate leaves and cotyledons}},
author = {A.V. Brown and K.A. Hudson},
year = {2015},
journal = {BMC Plant Biology},
volume = {15},
pages = {169},
}

@article{Bullard,
title = {{Evaluation of statistical methods for normalization and differential expression in mRNA-Seq experiments}},
author = {J.H Bullard and E. Purdom and K.D. Hansen and S. Dudoit},
year = {2010},
journal = {BMC Bioinformatics},
volume = {11},
pages = {94},
}

@article{Chandrasekhar,
title = {{Effective Clustering Algorithms for Gene Expression Data}},
author = {T. Chandrasekhar and K. Thangavel and E. Elayaraja, E},
year = {2011},
journal = {International Journal of Computer Applications},
volume = {32},
pages = {4},
}

@article{Cook,
title = {{Exploring gene expression data, using plots}},
author = {D. Cook and H. Hofmann and E.K. Lee and H. Yang and B. Nikolau and E. Wurtele},
year = {2007},
journal = {Journal of Data Science},
volume = {5},
pages = {151-182},
}

@article{deSouto,
title = {{Comparative Study on Normalization Procedures for Cluster Analysis of Gene Expression Datasets}},
author = {M.C.P. de Souto and D.S.A. de Araujo and I.G. Costa and R.G.F. Soares and T.B. Ludermir and A. Schliep},
year = {2008},
journal = {International Joint Conference on Neural Networks},
pages = {2793-2799},
}

@article{Hansen,
title = {{Biases in Illumina transcriptome sequencing caused by random hexamer priming}},
author = {K.D. Hansen and S.E. Brenner and S. Dudoit},
year = {2010},
journal = {Nucleic Acids Research},
volumne = {38},
pages = {e131},
}

@article{Huber,
title = {{Orchestrating high-throughput genomic analysis with Bioconductor}},
author = {W. Huber and V.J. Carey and R. Gentleman and S. Anders and M. Carlson and B.S. Carvalho},
year = {2015},
journal = {Nature Methods},
volumne = {12},
pages = {115-121},
}

@article{Ioannidis,
title = {{Repeatability of published microarray gene expression analyses}},
author = {WJ.P. Ioannidis and D.B. Allison and C.A. Ball and I. Coulibaly and X. Cui and A.C. Culhane and M. Falchi and C. Furlanello and L. Game and G. Jurman and J. Mangion and T. Mehta and M. Nitzberg and G.P. Page and E. Petretto and V. van Noort},
year = {2009},
journal = {Nature Genetics},
volumne = {41},
pages = {149-155},
}

@article{Lauter,
title = {{Identification of candidate genes involved in early iron deficiency chlorosis signaling in soybean (glycine max) roots and leaves}},
author = {A.N. Moran Lauter, A.N and G.A. Peiffer and T. Yin and S.A. Whitham and D. Cook and R.C. Shoemaker and M.A. Graham},
year = {2014},
journal = {BMC Genomics},
volumne = {15},
pages = {1-25},
}

@article{Law,
title = {{voom: Precision weights unlock linear model analysis tools for RNA-seq read counts}},
author = {C.W. Law and Y. Chen and W. Shi and G.K. Smyth},
year = {2014},
journal = {Genome Biology},
volumne = {15},
pages = {R29},
}

@article{Love,
title = {{Moderated estimation of fold change and dispersion for RNA-seq data with DESeq2}},
author = {M.I. Love and W. Huber and S. Anders},
year = {2014},
journal = {Genome Biology},
volumne = {15},
pages = {550},
}

@article{Marioni,
title = {{RNA-seq: An assessment of technical reproducibility and comparison with gene expression arrays}},
author = {J.C. Marioni and C.E. Mason and S.M. Mane and M. Stephens and Y. Gilad},
year = {2008},
journal = {Genome Research},
volumne = {18},
pages = {1509-1517},
}

@article{McIntyre,
title = {{RNAseq: Technical variability and sampling}},
author = {L.M. McIntyre and K.K. Lopiano and A.M. Morse and V. Amin and A.L. Oberg and L.J. Young},
year = {2011},
journal = {BMC Genomics},
volumne = {12},
pages = {293},
}

@article{Morin,
title = {{Profiling the HeLa S3 transcriptome using randomly primed cDNA and massively parallel short-read sequencing}},
author = {R. Morin and M. Bainbridge and A. Fejes and M. Hirst and M. Krzywinski and T. Pugh},
year = {2008},
journal = {Biotechniques},
volumne = {45},
pages = {81-94},
}

@article{Oshlack,
title = {{From RNA-seq reads to differential expression results}},
author = {A. Oshlack and M.D. Robinson and M.D. Young},
year = {2010},
journal = {Genome Biology},
volumne = {11},
pages = {220},
}

@article{Pan,
title = {{Deep surveying of alternative splicing complexity in the human transcriptome by high-throughput sequencing}},
author = {Q. Pan and O. Shai and L.J. Lee and B.J. Frey and B.J. Blencowe},
year = {2008},
journal = {Nature Genetics},
volumne = {40},
pages = {1413-1415},
}

@article{Risso,
title = {{GC-Content normalization for RNA-Seq data}},
author = {D. Risso and K. Schwartz and G. Sherlock and S. Dudoit},
year = {2011},
journal = {BMC Bioinformatics},
volumne = {12},
pages = {480},
}

@article{Ritchie,
title = {{Limma powers differential expression analyses for RNA-sequencing and microarray studies}},
author = {M.E. Ritchie and B. Phipson and D. Wu and Y. Hu and C.W. Law and W. Shi and G.K. Smyth},
year = {2015},
journal = {Nucleic Acids Research},
volumne = {43},
pages = {e47},
}

@article{Robertson,
title = {{De novo assembly and analysis of RNA-seq data}},
author = {G. Robertson and J. Schein and R. Chiu and R. Corbett and M. Field and S.D. Jackman},
year = {2010},
journal = {Nature Methods},
volumne = {7},
pages = {909-912},
}

@article{RobinsonOshlack,
title = {{A scaling normalization method for differential expression analysis of RNA-seq data}},
author = {M.D. Robinson and A. Oshlack},
year = {2010},
journal = {Genome Biology},
volumne = {11},
pages = {R25},
}

@article{Robinson,
title = {{edgeR: A Bioconductor package for differential expression analysis of digital gene expression data}},
author = {M.D. Robinson and D.J. McCarthy and G.K. Smyth},
year = {2010},
journal = {Bioinformatics},
volumne = {26},
pages = {139-140},
}

@article{Schurch,
title = {{How many biological replicates are needed in an RNA-seq experiment and which differential expression tool should you use?}},
author = {N.J. Schurch and P. Schofield, P and M. Gierliński and C. Cole and A. Sherstnev and V. Singh},
year = {2016},
journal = {RNA},
volumne = {22},
pages = {839-851},
}

@article{Shneiderman,
title = {{Inventing discovery tools: Combining information visualization with data mining}},
author = {B. Shneiderman},
year = {2002},
journal = {Information Visualization},
volumne = {1},
pages = {5-12},
}

@article{Trapnell2013,
title = {{Differential analysis of gene regulation at transcript resolution with RNA-seq}},
author = {C. Trapnell and D.G. Hendrickson and M. Sauvageau and L. Goff and J.L. Rinn and L. Pachter},
year = {2013},
journal = {Nature Biotechnology},
volumne = {31},
pages = {46-53},
}

@article{Trapnell2012,
title = {{Differential gene and transcript expression analysis of RNA-seq experiments with TopHat and Cufflinks}},
author = {C. Trapnell and A. Roberts and L.Goff and G. Pertea and D. Kim and D.R. Kelley},
year = {2012},
journal = {Nature Protocols},
volumne = {7},
pages = {562-578},
}

@article{Wang,
title = {{RNA-Seq: A revolutionary tool for transcriptomics}},
author = {Z. Wang and M. Gerstein and M. Snyder},
year = {2009},
journal = {Nature Reviews Genetics},
volumne = {10},
pages = {57-63},
}

@article{Zhao,
title = {{Comparison of RNA-Seq and microarray in transcriptome profiling of activated T cells}},
author = {S. Zhao and W.P. Fung-Leung and A. Bittner and K. Ngo and X. Liu},
year = {2014},
journal = {PLoS ONE},
volumne = {9},
pages = {e78644},
}

@article{Lauter16,
title = {{NCBI SRA bioproject accession: PRJNA318409}},
author = {A.N. Moran Lauter and M.A. Graham},
year = {2016},
url = {https://www.ncbi.nlm.nih.gov/bioproject/PRJNA318409/}
}













@article{ccd1,
title = {{Colony collapse disorder: A descriptive study}},
author = {D. van Engelsdorp and J.D. Evans and C. Saegerman and C. Mullin and E. Haubruge and B.K. Nguyen and M. Frazier and J. Frazier and D. Cox-Foster and Y. Chen and R. Underwood and D.R. Tarpy and J.S. Pettis},
year = {2009},
journal = {PLos One},
volume = {4},
pages = {e6481},
}

@article{ccd2,
title = {{A national survey of managed honey bee 2014–2015 annual colony losses in the USA}},
author = {K. Kulhanek and N. Steinhauer and K. Rennich and D.M. Caron and R.R. Sagili and J.S. Pettis and J.D. Ellis and M.E. Wilson and J.T. Wilkes and D.R. Tarpy and R. Rose and K. Lee and J. Rangel and D. vanEngelsdorp},
year = {2017},
journal = {Journal of Apicultural Research},
volume = {56},
pages = {328-340},
}

@article{ccd3,
title = {{A pan-European epidemiological study on honeybee colony losses 2012–2014}},
author = {M. Laurent and P. Hendrikx and M. Ribiere-Chabert and M-P. Chauzat},
year = {2016},
journal = {Epilobee},
volume = {2013},
pages = {44},
}

@article{ccd4,
title = {{Importance of pollinators in changing landscapes for world crops}},
author = {A-M. Klein and B.E. Vaissière and J.H. Cane and I. Steffan-Dewenter and S.A. Cunningham and C. Kremen and T. Tscharntke},
year = {2007},
journal = {Proc Biol Sci},
volume = {274},
pages = {303–313},
}

@article{ccd5,
title = {{Honey bee colony mortality in the Pacific Northwest: Winter 2009/2010}},
author = {D. Caron and R. Sagili},
year = {2011},
journal = {Am Bee J},
volume = {151},
pages = {73-76},
}

@book{ccd6,
author = {J. Bond and K. Plattner and K. Hunt},
title = {Fruit and Tree Nuts Outlook: Economic Insight U.S. Pollination- Services Market},
publisher = {USDA. Economic Research Service Situation and Outlook FTS-357SA},
year = {2014},
}

@article{ccd7,
title = {{Economic valuation of the vulnerability of world agriculture confronted with pollinator decline}},
author = {N. Gallai and J-M. Salles and J. Settele and B.B. Vaissière},
year = {2009},
journal = {Ecol. Econ.},
volume = {68},
pages = {810–821},
}

@article{factors,
title = {{}},
author = {S.G. Potts and J.C. Biesmeijer and C. Kremen and P. Neumann and O. Schweiger and W.E. Kunin},
year = {2010},
journal = {Global pollinator declines: trends, impacts and drivers},
volume = {25},
pages = {345-353},
}

@article{factors2,
title = {{The Plight of the Bees}},
author = {M. Spivak and E. Mader and M. Vaughan and N.H. Euliss},
year = {2011},
journal = {Environ Sci Technol},
volume = {45},
pages = {34-38},
}

@article{interacting,
title = {{Bee declines driven by combined stress from parasites, pesticides, and lack of flowers}},
author = {D. Goulson and E. Nicholls and C. Botías and E.L. Rotheray},
year = {2015},
journal = {Science},
volume = {347},
pages = {1255957},
}

@article{brodschneider,
title = {{Nutrition and health in honey bees}},
author = {R. Brodschneider and K. Crailsheim},
year = {2010},
journal = {Apidologie},
volume = {41},
pages = {278–294},
}

@article{source,
title = {{A phylogenetic reconsideration of the pollen starch-pollination correlation}},
author = {T.H. Roulston and S.L. Buchmann},
year = {2000},
journal = {Evol Ecol Res},
volume = {2},
pages = {627-643},
}

@book{source2,
author = {R.G. Stanley and H.F. Linskens},
title = {Pollen: Biology, biochemistry, management},
publisher = {Springer Verlag},
year = {1974},
}

@article{longevity,
title = {{Honey bee nutrition}},
author = {M.H. Haydak},
year = {1970},
journal = {Annu Rev Entomol},
volume = {15},
pages = {143-156},
}

@article{jelly,
title = {{Pollen consumption and utilization in worker honeybees (Apis mellifera carnica): dependence on individual age and function}},
author = {K. Crailsheim and L.H.W Schneider and N. Hrassnigg and G. Bühlmann and U. Brosch and R. Gmeinbauer and B. Schöffmann},
year = {1992},
journal = {J Insect Physiol},
volume = {38},
pages = {409-419},
}

@article{jelly2,
title = {{The flow of jelly within a honeybee colony}},
author = {K. Crailsheim},
year = {1992},
journal = {J Comp Physiol B},
volume = {162},
pages = {681-689},
}

@article{diverse,
title = {{Feeding preference of Apis mellifera L. (Hymenoptera: Apidae): Individual versus mixed pollen species}},
author = {J.O. Schmidt},
year = {1984},
journal = {J. Kans. Entomol. Soc.},
volume = {57},
pages = {323–327},
}

@article{diverse2,
title = {{Survival of honey bees, Apis mellifera (Hymenoptera: Apidae), fed various pollen sources}},
author = {J.O. Schmidt and S.C. Thoenes and M.D. Levin},
year = {1987},
journal = {J. Econ. Entomol.},
volume = {80},
pages = {176–183},
}

@article{alaux,
title = {{Diet effects on honeybee immunocompetence}},
author = {C. Alaux and F. Ducloz and D. Crauser Y. Le Conte},
year = {2010},
journal = {Biol. Lett.},
volume = {6},
pages = {562-565},
}

@article{undeveloped,
title = {{Nutritional stress due to habitat loss may explain recent honeybee colony collapses}},
author = {D. Naug},
year = {2009},
journal = {Biol Conserv},
volume = {142},
pages = {2369-2372},
}

@article{ag,
title = {{Honey bee colony losses}},
author = {P. Neumann and N.L. Carreck},
year = {2010},
journal = {J Apicult Res},
volume = {49},
pages = {1-6},
}

@article{ag2,
title = {{A historical review of managed honey bee populations in Europe and the United States and the factors that may affect them}},
author = {D. Van Engelsdorp and M.D. Meixner},
year = {2010},
journal = {J Invertebr Pathol},
volume = {103},
pages = {S80-S95},
}

@article{bkLoss,
title = {{A survey of honey bee colony losses in the U.S., fall 2007 to spring 2008}},
author = {D. Van Engelsdorp and J. Jr. Hayes and R.M Underwood and J. Pettis},
year = {2008},
journal = {Plos One},
volume = {3},
pages = {e4071},
}

@article{miteSpread,
title = {{Biology and control of Varroa destructor}},
author = {P. Rosenkranz and P. Aumeier and B. Ziegelmann},
year = {2010},
journal = {J Invertebr Pathol},
volume = {103},
pages = {S96-S119},
}

@article{hemolymph,
title = {{The influence of the mite Varroa Jacobsoni Oud. on the protein concentration and the haemolymph volume of the brood of worker bees and drones of the honey bee Apis Mellifera L}},
author = {K.P. Weinberg and G. Madel},
year = {1985},
journal = {Apidologie},
volume = {16},
pages = {421-436},
}

@article{miteVirus,
title = {{Intricate transmission routes and interactions between picorna-like viruses (Kashmir bee virus and sacbrood virus) with the honeybee host and the parasitic varroa mite}},
author = {M.Q. Shen and L.W. Cui and N. Ostiguy and D. Cox-Foster},
year = {2005},
journal = {J Gen Virol},
volume = {86},
pages = {2281-2289},
}

@article{miteVirus2,
title = {{Effects of parasitization by Varroa destructor on survivorship and physiological traits of Apis mellifera in correlation with viral incidence and microbial challenge}},
author = {X. Yang and D. Cox-Foster},
year = {2007},
journal = {Parasitology},
volume = {134},
pages = {405-412},
}

@article{miteVirus3,
title = {{Impact of an ectoparasite on the immunity and pathology of an invertebrate: Evidence for host immunosuppression and viral amplification}},
author = {X.L. Yang and D.L. Cox-Foster},
year = {2005},
journal = {P Natl Acad Sci USA},
volume = {102},
pages = {7470-7475},
}

@article{fam,
title = {{The acute bee paralysis virus-Kashmir bee virus-Israeli acute paralysis virus complex}},
author = {J.R. De Miranda and G. Cordoni and G. Budge},
year = {2010},
journal = {J Invertebr Pathol},
volume = {103},
pages = {S30–47},
}

@article{symptoms,
title = {{IAPV, a bee-affecting virus associated with Colony Collapse Disorder can be silenced by dsRNA ingestion}},
author = {E. Maori and N. Paldi and S. Shafir and H. Kalev and E. Tsur and E. Glick and I. Sela},
year = {2009},
journal = {Insect Mol Biol},
volume = {18},
pages = {55-60},
}

@article{carrillo,
title = {{In vivo and in vitro infection dynamics of honey bee viruses}},
author = {J. Carrillo-Tripp and A.G. Dolezal and M.J. Goblirsch and W.A. Miller and A.L. Toth and B.C. Bonning},
year = {2016},
journal = {Sci Rep},
volume = {6},
pages = {22265},
}

@article{iapvCCD,
title = {{A metagenomic survey of microbes in honey bee colony collapse disorder}},
author = {D.L. Cox-Foster and S. Conlan and E.C. Holmes and G. Palacios and J.D. Evans and N.A. Moran and P-L. Quan and T. Briese and M. Hornig and D.M. Geiser and V. Martinson and D. vanEngelsdorp and A.L. Kalkstein and A. Drysdale and J. Hui and J. Zhai and L. Cui and S.K. Hutchison and J.F. Simons and M. Egholm and J.S. Pettis and W.I. Lipkin},
year = {2007},
journal = {Science},
volume = {318},
pages = {283–287},
}

@article{iapvCCD2,
title = {{Dynamics of the presence of israeli acute paralysis virus in honey bee colonies with colony collapse disorder}},
author = {C. Hou and H. Rivkin and Y. Slabezki and N. Chejanovsky},
year = {2014},
journal = {Viruses},
volume = {6},
pages = {2012–2027},
}

@article{iapvCCD3,
title = {{Pathogen webs in collapsing honey bee colonies}},
author = {R.S. Cornman and D.R. Tarpy and Y. Chen and L. Jeffreys and D. Lopez and J.S. Pettis},
year = {2012},
journal = {Plos One},
volume = {7},
pages = {e43562},
}

@article{winter,
title = {{Israeli acute paralysis virus: Epidemiology, pathogenesis and implications for honey bee health}},
author = {Y.P. Chen and J.S. Pettis and M. Corona and W.P. Chen and C.J. Li and M. Spivak and P.K. Visscher and G. DeGrandi-Hoffman and H. Boncristiani and Y. Zhao and D. van Engelsdorp and K. Delaplane and L. Solter and F. Drummond and M. Kramer and W.I. Lipkin and G. Palacios and M.C. Hamilton and B. Smith and S.K. Huang and H.Q. Zheng and J.L. Li and X. Zhang and X.F. Zhou and L.Y. Wu and J.Z. Zhou and M-L. Lee and E.W. Teixeira and Z.G. Li and J.D. Evans},
year = {2014},
journal = {Plos Pathog},
volume = {10},
pages = {e1004261},
}





@article{numVirus,
title = {{Honey bee viruses}},
author = {Y.P. Chen and R. Siede},
year = {2007},
journal = {Adv Virus Res},
volume = {70},
pages = {33-80},
}

@article{intNV,
title = {{Nutrition, immunity and viral infections in honey bees}},
author = {G. DeGrandi-Hoffman and Y. Chen},
year = {2015},
journal = {Current Opinion in Insect Science},
volume = {10},
pages = {170-176},
}

@article{intNV2,
title = {{The effect of diet on protein concentration, hypopharyngeal gland development and virus load in worker honey bees (Apis mellifera L.)}},
author = {G. DeGrandi-Hoffman and Y. Chen and E. Huang and M.H Huang},
year = {2010},
journal = {J Insect Physiol},
volume = {56},
pages = {1184–1191},
}

@book{intNV3,
title = {{Interactions between risk factors in honey bees}},
author = {Y. Le Conte and J-L. Brunet and C. McDonnell and C. Alaux},
year = {2011},
publisher = {CRC Press},
pages = {215-222},
}

@article{adamInt,
title = {{Interacting stressors matter: Diet quality and virus infection in honey bee health}},
author = {A.G. Dolezal and J. Carrillo-Tripp and T. Judd and A. Miller and B. Bonning and A. Toth},
year = {2018},
journal = {In prep},
volume = {},
pages = {},
}

@article{DiPasquale,
title = {{Influence of pollen nutrition on honey bee health: Do pollen quality and diversity matter?}},
author = {G.D. Pasquale and M. Salignon and Y.L. Conte and L.P. Belzunces and A. Decourtye and A. Kretzschmar and S. Suchail and J-L. Brunet and C. Alaux},
year = {2013},
journal = {Plos One},
volume = {8},
pages = {e72016},
}

@article{landscape1,
title = {{Landscape enhancement of floral resources for honey bees in agro-ecosystems}},
author = {A. Decourtye and E. Mader and N. Desneux},
year = {2010},
journal = {Apidologie},
volume = {41},
pages = {264-277},
}

@article{hymenopteraDB,
title = {{Hymenoptera Genome Database: integrating genome annotations in HymenopteraMine}},
author = {C.G. Elsik and A. Tayal and C.M. Diesh and D.R. Unni and M.L. Emery and H.N. Nguyen and D.E. Hagen},
year = {2016},
journal = {Nucleic Acids Research},
volume = {4},
pages = {D793-800},
}

@article{hbGenome,
title = {{Finding the missing honey bee genes: lessons learned from a genome upgrade}},
author = {Honey Bee Genome Sequencing Consortium},
year = {2014},
journal = {BMC Genomics},
volume = {15},
pages = {86},
}

@article{gsnap,
title = {{GMAP and GSNAP for genomic sequence alignment: Enhancements to speed, accuracy, and functionality}},
author = {T.D. Wu and J. Reeder and M. Lawrence and G. Becker and M.J. Brauer},
year = {2016},
journal = {Methods Mol Biol},
volume = {1418},
pages = {283-334},
}

@article{galbraith,
title = {{Parallel epigenomic and transcriptomic responses to viral infection in honey bees (Apis mellifera)}},
author = {D.A. Galbraith and X. Yang and E.L. Niño and S. Yi and C. Grozinger},
year = {2015},
journal = {Plos Pathogens},
volume = {11},
pages = {e1004713},
}

@article{deseq2,
title = {{Moderated estimation of fold change and dispersion for RNA-seq data with DESeq2}},
author = {M.I. Love and W. Huber and S. Anders},
year = {2014},
journal = {Genome Biology},
volume = {15},
pages = {550},
}

@article{benjamini,
title = {{Controlling the false discovery rate: A practical and powerful approach to multiple testing}},
author = {Y. Benjamini and Y. Hochberg},
year = {1995},
journal = {Journal of the Royal Statistical Society. Series B (Methodological)},
volume = {57},
pages = {289-300},
}

@article{davidBio,
title = {{Systematic and integrative analysis of large gene lists using DAVID bioinformatics resources}},
author = {D.W. Huang and B.T. Sherman and R. Lempicki},
year = {2009},
journal = {Nat Protoc},
volume = {4},
pages = {44-57},
}

@article{davidBio2,
title = {{Bioinformatics enrichment tools: paths toward the comprehensive functional analysis of large gene lists}},
author = {D.W. Huang and B.T. Sherman and R.A. Lempicki},
year = {2009},
journal = {Nucleic Acids Res},
volume = {37},
pages = {1-13},
}

@article{revigo,
title = {{REVIGO summarizes and visualizes long lists of Gene Ontology terms}},
author = {F. Supek and M. Bošnjak and N. Škunca and T. Šmuc},
year = {2011},
journal = {Plos ONE},
volume = {6},
pages = {e21800},
}

@article{alaux2,
title = {{Nutrigenomics in honey bees: digital gene expression analysis of pollen's nutritive effects on healthy and varroa-parasitized bees}},
author = {C. Alaux and C. Dantec and H. Parrinello and Y. Le Conte},
year = {2011},
journal = {BMC Genomics},
volume = {12},
pages = {496},
}

@article{divHyp,
title = {{Genetic variability, queen number, and polyandry in social Hymenoptera}},
author = {L. Keller and H.K. Reeve},
year = {1994},
journal = {Evolution},
volume = {48},
pages = {694–704},
}

@article{divHyp2,
title = {{On being the right size: Male contributions and multiple mating in social Hymenoptera}},
author = {R.H. Crozier and R.E. Page},
year = {1985},
journal = {Behav. Ecol. Sociobiol.},
volume = {18},
pages = {105–115},
}

@article{divHyp3,
title = {{Polyandry in social Hymenoptera—Disunity in diversity?}},
author = {R.H. Crozier and E.J. Fjerdingstad},
year = {2001},
journal = {Ann. Zool. Fenn.},
volume = {38},
pages = {267–285},
}

@article{geneticDiverse,
title = {{Genetic diversity in honey bee colonies enhances productivity and fitness}},
author = {H.R. Mattila and T.D. Seeley},
year = {2007},
journal = {Science},
volume = {317},
pages = {362-364},
}

@article{geneticDiverse2,
title = {{Genetic diversity within honeybee colonies prevents severe infections and promotes colony growth}},
author = {D.R. Tarpy},
year = {2003},
journal = {Proc. R. Soc. Lond. B},
volume = {270},
pages = {99-103},
}

@article{multParasite,
title = {{Parasites, pathogens, and polyandry in social Hymenoptera}},
author = {P.W. Sherman and T.D. Seeley and H.K. Reeve},
year = {1988},
journal = {Am. Nat},
volume = {131},
pages = {602–610},
}

@article{sisters,
title = {{Full sisters and supersisters: A terminological paradigm}},
author = {R.E. Page and H.H. Laidlaw},
year = {1988},
journal = {Anim. Behav.},
volume = {36},
pages = {944–945},
}

@article{exactDiv,
title = {{Multiple mating, sperm utilization, and social evolution}},
author = {R.E. Page and R.A. Metcalf},
year = {1982},
journal = {Am. Nat.},
volume = {119},
pages = {263–281},
}

@article{patriline,
title = {{Does patriline composition change over a honey bee queen’s lifetime?}},
author = {R. Brodschneider and G. Arnold and N. Hrassnigg and K. Crailsheim},
year = {2012},
journal = {Insects},
volume = {3},
pages = {857–869},
}

@article{AdamTothReview,
title = {{Feedbacks between nutrition and disease in honey bee health}},
author = {A.G. Dolezal and A.L. Toth},
year = {2018},
journal = {Current Opinion in Insect Science},
volume = {26},
pages = {114-119},
}

@article{venn,
title = {{BioVenn – a web application for the comparison and visualization of biological lists using area-proportional Venn diagrams}},
author = {T. Hulsen and J. de Vlieg and W. Alkema},
year = {2008},
journal = {BMC Genomics},
volume = {9},
pages = {488},
}

@Manual{euler,
  title = {{eulerr}: Area-Proportional {Euler} and {Venn} Diagrams with Ellipses},
  author = {Johan Larsson},
  year = {2018},
  note = {R package version 4.0.0},
  url = {https://cran.r-project.org/package=eulerr},
}

@article{vizReview,
title = {{Visualizing genome and systems biology: technologies, tools, implementation techniques and trends, past, present and future}},
author = {G.A. Pavlopoulos and D. Malliarakis and N. Papanikolaou and T. Theodosiou and A.J. Enright and I. Iliopoulos},
year = {2015},
journal = {Gigascience},
volume = {4},
pages = {38},
}

@Manual{htmlwidgets,
    title = {htmlwidgets: HTML Widgets for R},
    author = {Ramnath Vaidyanathan and Yihui Xie and JJ Allaire and Joe Cheng and Kenton Russell},
    year = {2018},
    note = {R package version 1.0},
    url = {https://CRAN.R-project.org/package=htmlwidgets},
  }

@article{resTol1,
title = {{Resistance and tolerance: The role of nutrients on pathogen dynamics and infection outcomes in an insect host}},
author = {C.V.L. Miller and S.C. Cotter},
year = {2017},
journal = {Journal of Animal Ecology},
volume = {87},
pages = {500-510},
}

@article{resTol2,
title = {{A unified model for the coevolution of resistance, tolerance, and virulence}},
author = {D. Carval and R. Ferriere},
year = {2010},
journal = {Evolution},
volume = {64},
pages = {2988–3009},
}

@article{resTol3,
title = {{The Role of Anorexia in Resistance and Tolerance to Infections in Drosophila}},
author = {J.D. Ayres and D.S. Schneider},
year = {2009},
journal = {Plos Biology},
volume = {7},
pages = {e1000150},
}

@article{resTol4,
title = {{Trans-generational immune priming: Specific enhancement of the antimicrobial immune response in the mealworm beetle, Tenebrio molitor}},
author = {Y. Moret},
year = {2006},
journal = {Proceedings of the Royal Society B: Biological Sciences},
volume = {273},
pages = {1399–1405},
}

@article{resTol5,
title = {{Variation in the defense strategies of plants: are resistance and tolerance mutually exclusive?}},
author = {R. Mauricio and M.D. Rausher and D.S. Burdick},
year = {1997},
journal = {Ecology},
volume = {78},
pages = {1301–1310},
}

@article{resTol6,
title = {{Evolution of mixed plant defense allocation against natural enemies}},
author = {J. Fornoni and J. Nunez-Farfan and P.L. Valverde and M.D. Rausher},
year = {2004},
journal = {Evolution},
volume = {58},
pages = {1685–1695},
}

@article{resTol7,
title = {{Shared control of epidemiological traits in a coevolutionary model of host-parasite interactions}},
author = {O. Restif and J.C. Koella},
year = {2003},
journal = {The American Naturalist},
volume = {161},
pages = {827– 836},
}

@article{resTol8,
title = {{Balancing resistance and infection tolerance through metabolic means}},
author = {M.C. Chambers and D.S. Schneider},
year = {2012},
journal = {PNAS},
volume = {109},
pages = {13886–13887},
}
